<record xmlns="http://www.loc.gov/MARC21/slim" xmlns:xsi="http://www.w3.org/2001/XMLSchema-instance" xsi:schemaLocation="http://www.loc.gov/MARC21/slim http://www.loc.gov/standards/marcxml/schema/MARC21slim.xsd">

  <leader>00650nam a2200193Ia 4500</leader>
  <controlfield tag="008">150724b1998    u  ||||| |||| 00| | spa d</controlfield>
  <datafield ind1=" " tag="020" ind2=" ">
    <subfield code="a">1886938261</subfield>
  </datafield>
  <datafield ind1=" " ind2=" " tag="090">
    <subfield code="a">03.02.05 </subfield>
    <subfield code="b">790</subfield>
  </datafield>
  <datafield ind1="1" ind2="0" tag="245">
    <subfield code="a">América Latina frente a la desigualdad : progreso económico y social en América Latina : Informe 1998-1999</subfield>
  </datafield>
  <datafield ind2=" " tag="260" ind1=" ">
    <subfield code="a">Washington, D.C. :  </subfield>
    <subfield code="b">BID, </subfield>
    <subfield code="c">1998</subfield>
  </datafield>
  <datafield tag="300" ind2=" " ind1=" ">
    <subfield code="a">vi, 305 páginas</subfield>
  </datafield>
  <datafield ind1="1" ind2="4" tag="650">
    <subfield code="a">CONDICIONES ECONÓMICAS</subfield>
    <subfield code="9">269</subfield>
  </datafield>
  <datafield ind1="1" tag="650" ind2="4">
    <subfield code="a">DESARROLLO ECONÓMICO </subfield>
    <subfield code="9">513</subfield>
  </datafield>
  <datafield ind1="1" ind2="4" tag="650">
    <subfield code="a">CONDICIÓN SOCIAL </subfield>
    <subfield code="9">514</subfield>
  </datafield>
  <datafield ind1="1" ind2="4" tag="650">
    <subfield code="a">DESIGUALDAD ECONÓMICA</subfield>
    <subfield code="9">515</subfield>
  </datafield>
  <datafield ind2="4" tag="650" ind1="1">
    <subfield code="a">DISTRIBUCIÓN DEL INGRESO</subfield>
    <subfield code="9">270</subfield>
  </datafield>
  <datafield ind2="4" tag="651" ind1=" ">
    <subfield code="a">AMÉRICA LATINA</subfield>
    <subfield code="9">273</subfield>
  </datafield>
  <datafield ind1=" " ind2=" " tag="942">
    <subfield code="2">z</subfield>
    <subfield code="c">01</subfield>
  </datafield>
  <datafield ind1=" " ind2=" " tag="999">
    <subfield code="c">100</subfield>
    <subfield code="d">100</subfield>
  </datafield>
</record>